@ARTICLE{888718, 
 author={Z. {Zhang}}, 
 journal={IEEE Transactions on Pattern Analysis and Machine Intelligence}, 
 title={A flexible new technique for camera calibration}, 
 year={2000}, 
 volume={22}, 
 number={11}, 
 pages={1330-1334}, 
 keywords={computer vision;calibration;image sensors;maximum likelihood estimation;matrix algebra;geometry;optimisation;camera calibration;flexible technique;planar pattern;radial lens distortion;maximum likelihood criterion;3D computer vision;Cameras;Calibration;Computer vision;Layout;Lenses;Nonlinear distortion;Closed-form solution;Maximum likelihood estimation;Computer simulation;Testing}, 
 doi={10.1109/34.888718}, 
 ISSN={0162-8828}, 
 month={Nov}}